<?xml version="1.0" encoding="UTF-8"?><collection xmlns="http://www.loc.gov/MARC21/slim"><record><leader>00410nam--2200145-i-4500</leader><controlfield tag="001">000038979</controlfield><controlfield tag="002">20161230</controlfield><controlfield tag="005">20161230201042</controlfield><controlfield tag="008">060222s1000------------r-----000-0-eng-d</controlfield><datafield ind1=" " ind2=" " tag="080"><subfield code="a">543.5:543.4</subfield></datafield><datafield ind1=" " ind2=" " tag="100"><subfield code="a">Richardson,J.H. And Peterson,R.V</subfield></datafield><datafield ind1=" " ind2=" " tag="245"><subfield code="a">Systematic materials analysis. vol.2</subfield></datafield><datafield ind1=" " ind2=" " tag="260"><subfield code="a">New York, Academic Press, 1974. Xix + 263 P</subfield></datafield><datafield ind1=" " ind2=" " tag="490"><subfield code="a">Materials Science And Technology</subfield></datafield><datafield ind1=" " ind2=" " tag="852"><subfield code="a">42602</subfield></datafield></record></collection>